<?xml version="1.0" encoding="UTF-8"?><record xmlns="http://www.loc.gov/MARC21/slim" xmlns:cinclude="http://apache.org/cocoon/include/1.0" xmlns:zs="http://www.loc.gov/zing/srw/">
  <leader>00649cz  a2200145n  4500</leader>
  <controlfield tag="001">n 2001069355</controlfield>
  <controlfield tag="003">DLC</controlfield>
  <controlfield tag="005">20120815075125.0</controlfield>
  <controlfield tag="008">011210n| acannaabn          |a ana      </controlfield>
  <datafield tag="010" ind1=" " ind2=" ">
    <subfield code="a">n 2001069355</subfield>
  </datafield>
  <datafield tag="040" ind1=" " ind2=" ">
    <subfield code="a">DLC</subfield>
    <subfield code="b">eng</subfield>
    <subfield code="c">DLC</subfield>
    <subfield code="d">DLC</subfield>
  </datafield>
  <datafield tag="111" ind1="2" ind2=" ">
    <subfield code="a">Festivalʹ avtorskoĭ pesni pami︠a︡ti Valerii︠a︡ Grushina</subfield>
  </datafield>
  <datafield tag="411" ind1="2" ind2=" ">
    <subfield code="a">Grushinskiĭ (Festival)</subfield>
  </datafield>
  <datafield tag="667" ind1=" " ind2=" ">
    <subfield code="a">THIS 1XX FIELD CANNOT BE USED UNDER RDA UNTIL THIS RECORD HAS BEEN REVIEWED AND/OR UPDATED</subfield>
  </datafield>
  <datafield tag="670" ind1=" " ind2=" ">
    <subfield code="a">Shabanov, Vitaliĭ. Grushinskiĭ, 2001:</subfield>
    <subfield code="b">t.p. verso (Festival avtorskoĭ pesni pami︠a︡ti Valerii︠a︡ Grushina, from 1968 to 2000 in Samara Region of Russia) p. 52 (Grushinskiĭ)</subfield>
  </datafield>
</record>